@article{zhu2019sstsolver,
  title={Solving String Constraints with Streaming String Transducers},
  author={Qizhen Zhu and Hitoshi Akama and Yasuhiko Minamide},
  journal={Information Processing},
  volume={27},
  pages={810--821},
  year={2019}
}
@article{kamano2021solver,
 title={非決定性 Streaming String Transducer と Parikh オートマトンを用いた文字列制約の充足可能性判定},
 author={釜野雅基 and 福田大我 and 南出靖彦},
 journal={日本ソフトウェア科学会第38回大会},
 year={2021}
}
@article{holik2017string,
  title={String constraints with concatenation and transducers solved efficiently},
  author={Hol{\'{i}}k, Luk{\'{a}}{\v{s}} and Jank{\u{u}}, Petr and Lin, Anthony W and R{\"{u}}mmer, Philipp and Vojnar, Tom{\'{a}}{\v{s}}},
  journal={Proceedings of the ACM on Programming Languages},
  volume={2},
  number={POPL},
  pages={1--32},
  year={2017},
  publisher={ACM New York, NY, USA}
}
@inproceedings{lin2016string,
  title={String solving with word equations and transducers: towards a logic for analysing mutation {XSS}},
  author={Lin, Anthony W and Barcel{\'{o}}, Pablo},
  booktitle={43rd Annual ACM SIGPLAN-SIGACT Symposium on Principles of Programming},
  volume={51},
  number={1},
  pages={123--136},
  year={2016},
  organization={ACM}
}
@inproceedings{d2017power,
  title={The power of symbolic automata and transducers},
  author={D' Antoni, Loris and Veanes, Margus},
  booktitle={International Conference on Computer Aided Verification},
  pages={47--67},
  year={2017},
  organization={Springer}
}
@inproceedings{barrett2011cvc4,
  title={Cvc4},
  author={Barrett, Clark and Conway, Christopher L and Deters, Morgan and Hadarean, Liana and Jovanovi{\'{c}}, Dejan and King, Tim and Reynolds, Andrew and Tinelli, Cesare},
  booktitle={International Conference on Computer Aided Verification},
  pages={171--177},
  year={2011},
  organization={Springer}
}
@inproceedings{alur2011streaming,
  title={Streaming transducers for algorithmic verification of single-pass list-processing programs},
  author={Alur, Rajeev and {\v{C}}ern{\'{y}}, Pavol},
  booktitle={Proceedings of the 38th annual ACM SIGPLAN-SIGACT symposium on Principles of programming languages},
  pages={599--610},
  year={2011}
}
@inproceedings{alur2011nondeterministic,
  title={Nondeterministic streaming string transducers},
  author={Alur, Rajeev and Deshmukh, Jyotirmoy V},
  booktitle={International Colloquium on Automata, Languages, and Programming},
  pages={1--20},
  year={2011},
  organization={Springer}
}
@InProceedings{alur_et_al:LIPIcs:2010:2853,
author = {Rajeev Alur and Pavol {\u{C}}ern{\'{y}}},
title = {Expressiveness of streaming string transducers},
booktitle = {IARCS Annual Conference on Foundations of Software Technology and Theoretical Computer Science (FSTTCS 2010)},
pages = {1--12},
series = {Leibniz International Proceedings in Informatics (LIPIcs)},
ISBN = {978-3-939897-23-1},
ISSN = {1868-8969},
year = {2010},
volume = {8},
editor = {Kamal Lodaya and Meena Mahajan},
publisher = {Schloss Dagstuhl--Leibniz-Zentrum fuer Informatik},
address = {Dagstuhl, Germany},
URL = {http://drops.dagstuhl.de/opus/volltexte/2010/2853},
URN = {urn:nbn:de:0030-drops-28538},
doi = {http://dx.doi.org/10.4230/LIPIcs.FSTTCS.2010.1},
annote = {Keywords: streaming string transducer, list processing, heap manipulation, monadic second-order transduction}
}
@article{engelfriet2001mso,
  title={MSO definable string transductions and two-way finite-state transducers},
  author={Engelfriet, Joost and Hoogeboom, Hendrik Jan},
  journal={ACM Transactions on Computational Logic (TOCL)},
  volume={2},
  number={2},
  pages={216--254},
  year={2001},
  publisher={ACM New York, NY, USA}
}
@inproceedings{alur2013regular,
  title={Regular functions and cost register automata},
  author={Alur, Rajeev and DAntoni, Loris and Deshmukh, Jyotirmoy and Raghothaman, Mukund and Yuan, Yifei},
  booktitle={2013 28th Annual ACM/IEEE Symposium on Logic in Computer Science},
  pages={13--22},
  year={2013},
  organization={IEEE}
}
@inproceedings{chen2020decision,
  title={A Decision Procedure for Path Feasibility of String Manipulating Programs with Integer Data Type},
  author={Chen, Taolue and Hague, Matthew and He, Jinlong and Hu, Denghang and Lin, Anthony Widjaja and R{\"{u}}mmer, Philipp and Wu, Zhilin},
  booktitle={International Symposium on Automated Technology for Verification and Analysis},
  pages={325--342},
  year={2020},
  organization={Springer}
}
@article{chen2022solving,
  title={Solving string constraints with Regex-dependent functions through transducers with priorities and variables},
  author={Chen, Taolue and Flores-Lamas, Alejandro and Hague, Matthew and Han, Zhilei and Hu, Denghang and Kan, Shuanglong and Lin, Anthony W and Ruemmer, Philipp and Wu, Zhilin},
  journal={Proceedings of the ACM on Programming Languages},
  volume={6},
  number={POPL},
  pages={1--31},
  year={2022},
  publisher={ACM New York, NY, USA}
}
@article{cadilhac2012affine,
  title={Affine Parikh automata∗},
  author={Cadilhac, Micha{\"e}l and Finkel, Alain and McKenzie, Pierre},
  journal={RAIRO-Theoretical Informatics and Applications},
  volume={46},
  number={4},
  pages={511--545},
  year={2012},
  publisher={EDP Sciences}
}
